<?xml version="1.0" encoding="UTF-8"?><collection><record><leader>05883ntm a2200589 a 4500</leader><controlfield tag="001">006804966</controlfield><controlfield tag="003">MiAaHDL</controlfield><controlfield tag="005">20190719000000.0</controlfield><controlfield tag="006">m        d        </controlfield><controlfield tag="007">cr bn ---auaua</controlfield><controlfield tag="008">090529s15uu    xx            00| ||ara d</controlfield><datafield tag="035" ind1=" " ind2=" "><subfield code="a">(MiU)006804966</subfield></datafield><datafield tag="035" ind1=" " ind2=" "><subfield code="a">sdr-miu006804966</subfield></datafield><datafield tag="040" ind1=" " ind2=" "><subfield code="a">MiU</subfield><subfield code="c">MiU</subfield><subfield code="e">amremm</subfield></datafield><datafield tag="043" ind1=" " ind2=" "><subfield code="a">n-us-mi</subfield></datafield><datafield tag="100" ind1="1" ind2=" "><subfield code="6">880-01</subfield><subfield code="a">Ustarūshanī, Muḥammad ibn Maḥmūd,</subfield><subfield code="d">-1234 or 1235.</subfield></datafield><datafield tag="245" ind1="1" ind2="0"><subfield code="6">880-03</subfield><subfield code="a">Jāmiʻ al-ṣighār,</subfield><subfield code="f">[16th century?].</subfield></datafield><datafield tag="246" ind1="3" ind2=" "><subfield code="i">Title in Kashf al-ẓunūn:</subfield><subfield code="a">احكام الضغار</subfield></datafield><datafield tag="246" ind1="3" ind2=" "><subfield code="i">Title in GAL:</subfield><subfield code="a">Kitāb al-Aḥkām al-ṣaghāʼir fī al-furūʻ</subfield></datafield><datafield tag="246" ind1="3" ind2=" "><subfield code="i">Title from inscription on 'title page' (p.7):</subfield><subfield code="a">كتاب سنان چلبى</subfield></datafield><datafield tag="246" ind1="3" ind2="0"><subfield code="i">Title from inscription on upper board lining:</subfield><subfield code="a">جامع الصغار</subfield></datafield><datafield tag="246" ind1="3" ind2=" "><subfield code="i">Edge title (head):</subfield><subfield code="a">جامع الصغائر</subfield></datafield><datafield tag="260" ind1=" " ind2=" "><subfield code="c">[15--?].</subfield></datafield><datafield tag="300" ind1=" " ind2=" "><subfield code="a">150 leaves :</subfield><subfield code="b">paper ;</subfield><subfield code="c">175 x 132 (130 x 77) mm.</subfield></datafield><datafield tag="500" ind1=" " ind2=" "><subfield code="a">Shelfmark: Ann Arbor, University of Michigan, Special Collections Library, Isl. Ms. 571</subfield></datafield><datafield tag="500" ind1=" " ind2=" "><subfield code="a">Origin: Lacks dated colophon ; paper, etc. may suggest late early 16th century.</subfield></datafield><datafield tag="500" ind1=" " ind2=" "><subfield code="a">Accompanying materials: a. Inventory cataloguing slip in hand of Winifred Smeaton Thomas (pp.1-2) -- b. Acquisitions slip from Yahuda (pp.3-4).</subfield></datafield><datafield tag="500" ind1=" " ind2=" "><subfield code="a">Former shelfmark: From interior of upper cover and spine label "IL 69" (likely supplied by Yahuda, see acquisitions slip).</subfield></datafield><datafield tag="500" ind1=" " ind2=" "><subfield code="a">Binding: Pasteboards covered in marbled paper (in salmon, blue, yellow, etc.) with red leather over spine, fore edge flap, and edges/turn-ins ; Type II binding (with flap) ; board linings in untinted laid European paper (watermark partially visible) ; sewn in dull pink thread, two stations, broken in many quires ; endbands virtually gone with trace of core at head ; overall in poor condition with flap fully detached, severe abrasion and staining (much of original marbling now lost), lifting and losses of leather, quires detaching from spine, etc.</subfield></datafield><datafield tag="500" ind1=" " ind2=" "><subfield code="a">Support: non-European (likely Arab) laid paper with 8 laid lines per cm. (20 in 25 mm., vertical), chain lines (horizontal) grouped in threes with 12-14 mm. between chains and 43-45 mm. between groups ; fairly sturdy and dense, well-burnished to glossy.</subfield></datafield><datafield tag="500" ind1=" " ind2=" "><subfield code="a">Decoration: Keywords and abbreviation symbols (mainly two teeth stroke) rubricated ; accents in red highlight other keywords ; textual dividers in the form of red inverted commas.</subfield></datafield><datafield tag="500" ind1=" " ind2=" "><subfield code="a">Script: Nastaʻlīq (talik) ; compact, elegant Turkish hand ; virtually serifless with marked tilt to the right, only slight effect of words descending to baseline, exaggerated elongation of horizontal strokes, pointing in strokes rather than distinct dots, free assimilation of letters (e.g. point of final nūn assimilated with bowl, etc.).</subfield></datafield><datafield tag="500" ind1=" " ind2=" "><subfield code="a">Layout: Written in 21 lines per page ; frame-ruled.</subfield></datafield><datafield tag="500" ind1=" " ind2=" "><subfield code="a">Collation: i, 15 V(150) ; exclusively quinions ; catchwords present ; foliation in black ink, Hindu-Arabic numerals ; pagination in pencil, Western numerals, supplied during digitization (includes inserts and flyleaves).</subfield></datafield><datafield tag="500" ind1=" " ind2=" "><subfield code="a">Explicit: "فشهدت القابلة عن انفصاله حيا اجمعوا على انه يقبل شهادتها في حق الصلوة عليه وهل يقبل شهادتها في حق الارث قال ابو ح [اي ابو حنيفة] رحه [اي رحمه الله] لا تقبل وقالا تقبل"</subfield></datafield><datafield tag="500" ind1=" " ind2=" "><subfield code="a">Incipit: "يقول العبد الضعيف محمد بن محمود بن الحسن الاستروشني ... الحمد لله الذي بهرت حجته وظهرت على الخلائق محجته ... وبعد فان الناس في اهوائهم [مختلفون وفي طبائعهم وآرائهم] متباينون وعلى مقادير هممهم يكدحون ...ولما قعدت همتهم لحالتهم مع حسن آلتهم اردت ان احرز جملة من المسائل ... فانتقيت [منها] احكام الصغائر والصغار واودعتها في هذا الاوراق القصار ... وسميت هذا المجموع جامع الصغار وارجو ان يكون وسيلة لي لدفع الهوان والصغار ..."</subfield></datafield><datafield tag="500" ind1=" " ind2=" "><subfield code="a">Title from opening matter on p.9.</subfield></datafield><datafield tag="500" ind1=" " ind2=" "><subfield code="a">Ms. codex.</subfield></datafield><datafield tag="510" ind1="4" ind2=" "><subfield code="a">Ḥājjī Khalīfah. Kashf al-ẓunūn,</subfield><subfield code="c">ii 550 = i 172, no.152</subfield></datafield><datafield tag="510" ind1="4" ind2=" "><subfield code="a">Brockelmann, C. GAL,</subfield><subfield code="c">I 380</subfield></datafield><datafield tag="520" ind1="8" ind2=" "><subfield code="a">Clear copy of a collection of legal decisions pertaining to children, lacking the final three masāʼil and khātimah. Contents listing at opening (pp.5-6).</subfield></datafield><datafield tag="538" ind1=" " ind2=" "><subfield code="a">Mode of access: Internet.</subfield></datafield><datafield tag="541" ind1=" " ind2=" "><subfield code="a">Acquired in 1926 from the bookseller Isaac Benjamin S.E. Yahuda via purchase transacted on his behalf by Abraham Shalom Yahuda (1877-1951), his younger brother.</subfield></datafield><datafield tag="546" ind1=" " ind2=" "><subfield code="a">Arabic.</subfield></datafield><datafield tag="561" ind1=" " ind2=" "><subfield code="a">Owners marks on 'title page' (p.7) include an effaced statement, an ownership statement in name of one Şeyhzade Abdullah reads "من متملكات الفقير عبد الله الشهير بشيخ زاده", and an ownership statement in name of one Muhittinzade reads "ثم انتقل الى الفقير اليه سبحانه وتعالى محى الدين زاده" ; kabīkaj invocation on 'title page' (p.7) "يا كبيكج" ; glosses (some arranged artistically) and marginal corrections.</subfield></datafield><datafield tag="650" ind1=" " ind2="0"><subfield code="a">Manuscripts, Arabic</subfield><subfield code="z">Michigan</subfield><subfield code="z">Ann Arbor.</subfield></datafield><datafield tag="650" ind1=" " ind2="0"><subfield code="a">Hanafites</subfield><subfield code="v">Early works to 1800.</subfield></datafield><datafield tag="650" ind1=" " ind2="0"><subfield code="a">Islamic law</subfield><subfield code="x">Interpretation and construction</subfield><subfield code="v">Early works to 1800.</subfield></datafield><datafield tag="650" ind1=" " ind2="0"><subfield code="a">Children (Islamic law)</subfield><subfield code="v">Early works to 1800.</subfield></datafield><datafield tag="773" ind1="0" ind2=" "><subfield code="a">Yahuda Collection.</subfield></datafield><datafield tag="880" ind1="1" ind2="0"><subfield code="6">245-03/</subfield><subfield code="a">جامع الصغار,</subfield><subfield code="f">[القرن 16م؟].</subfield></datafield><datafield tag="880" ind1="1" ind2=" "><subfield code="6">100-01/</subfield><subfield code="a">استروشني، محمد بن محمود.</subfield></datafield><datafield tag="CID" ind1=" " ind2=" "><subfield code="a">006804966</subfield></datafield><datafield tag="DAT" ind1="0" ind2=" "><subfield code="a">20190719102636.0</subfield><subfield code="b">20190719000000.0</subfield></datafield><datafield tag="DAT" ind1="1" ind2=" "><subfield code="a">20190719090653.0</subfield><subfield code="b">2019-07-19T16:11:32Z</subfield></datafield><datafield tag="DAT" ind1="2" ind2=" "><subfield code="a">2015-10-02T18:00:03Z</subfield></datafield><datafield tag="CAT" ind1=" " ind2=" "><subfield code="a">SDR-MIU</subfield><subfield code="d">EX LIBRIS - ALEPH</subfield><subfield code="l">prepare.pl-004-008</subfield></datafield><datafield tag="FMT" ind1=" " ind2=" "><subfield code="a">BK</subfield></datafield><datafield tag="HOL" ind1=" " ind2=" "><subfield code="0">sdr-miu006804966</subfield><subfield code="a">MiU</subfield><subfield code="b">SDR</subfield><subfield code="c">MIU</subfield><subfield code="p">mdp.39015079126986</subfield><subfield code="s">MIU</subfield><subfield code="1">006804966</subfield></datafield><datafield tag="974" ind1=" " ind2=" "><subfield code="b">MIU</subfield><subfield code="c">MIU</subfield><subfield code="d">20190719</subfield><subfield code="s">lit-dlps-dc</subfield><subfield code="u">mdp.39015079126986</subfield><subfield code="y">1599</subfield><subfield code="r">pd</subfield><subfield code="q">bib</subfield><subfield code="t">non-US bib date1 &lt; 1896</subfield></datafield></record></collection>